%% This BibTeX bibliography file was created using BibDesk.
%% https://bibdesk.sourceforge.io/

%% Created for Alexander Wasey at 2020-01-22 18:22:35 +0000 


%% Saved with string encoding Unicode (UTF-8) 



@url{webage,
	Date-Added = {2020-01-22 17:36:56 +0000},
	Date-Modified = {2020-01-22 18:21:53 +0000},
	Lastchecked = {22/1/20},
	Title = {Internet Users UK, 2018},
	Url = {https://www.ons.gov.uk/businessindustryandtrade/itandinternetindustry/bulletins/internetusers/2018}}

@url{agegrowth,
	Date-Added = {2020-01-22 17:23:03 +0000},
	Date-Modified = {2020-01-22 18:22:16 +0000},
	Lastchecked = {22/1/20},
	Title = {Overview of the UK population},
	Url = {https://www.ons.gov.uk/peoplepopulationandcommunity/populationandmigration/populationestimates/articles/overviewoftheukpopulation/mar2017#why-is-the-population-growing}}

@url{disabilitystats,
	Date-Added = {2020-01-22 17:18:05 +0000},
	Date-Modified = {2020-01-22 18:22:33 +0000},
	Lastchecked = {22/1/20},
	Title = {Disability prevalence estimates 2011/12},
	Url = {https://assets.publishing.service.gov.uk/government/uploads/system/uploads/attachment_data/file/321594/disability-prevalence.pdf}}

@url{
    Date-Added = {2020-01-24 12:30:00 +0000},
    Date-Modified = {2020-01-24 12:30:00 +0000},
    Lastchecked = {24/1/20},
    Title = {gmapping Package Summary},
    Url = {http://wiki.ros.org/gmapping}
}

@url{
    Date-Added = {2020-01-24 12:30:00 +0000},
    Date-Modified = {2020-01-24 12:30:00 +0000},
    Lastchecked = {24/1/20},
    Title = {amcl Package Summary},
    Url = {http://wiki.ros.org/amcl}
}